<record><leader>00000cas a2200000 a 4500</leader><controlfield tag="001">11962188</controlfield><controlfield tag="008">850425d18711880ilucr ne      0   a0eng c</controlfield><datafield ind1=" " ind2=" " tag="010"><subfield code="a">sn 85033433 </subfield></datafield><datafield ind1=" " ind2=" " tag="040"><subfield code="a">NPU</subfield><subfield code="b">eng</subfield><subfield code="c">NPU</subfield><subfield code="d">NVF</subfield><subfield code="d">OCLCQ</subfield><subfield code="d">NVF</subfield><subfield code="d">OCLCQ</subfield><subfield code="d">OCLCF</subfield><subfield code="d">NVF</subfield><subfield code="d">OCLCO</subfield><subfield code="d">OCL</subfield></datafield><datafield ind1=" " ind2=" " tag="042"><subfield code="a">pcc</subfield></datafield><datafield ind1=" " ind2=" " tag="043"><subfield code="a">n-us-il</subfield></datafield><datafield ind1="0" ind2="0" tag="245"><subfield code="a">Macoupin enquirer.</subfield></datafield><datafield ind1=" " ind2=" " tag="260"><subfield code="a">Carlinville, Ill. :</subfield><subfield code="b">Macoupin Democratic Printing Association,</subfield><subfield code="c">1871-1880.</subfield></datafield><datafield ind1=" " ind2=" " tag="300"><subfield code="a">v.</subfield></datafield><datafield ind1=" " ind2=" " tag="310"><subfield code="a">Semiweekly,</subfield><subfield code="b">Jan. 11, 1879-&lt;Dec. 31, 1879&gt;</subfield></datafield><datafield ind1=" " ind2=" " tag="321"><subfield code="a">Weekly,</subfield><subfield code="b">Nov. 2, 1871-&lt;Dec. 11, 1878&gt;</subfield></datafield><datafield ind1="0" ind2=" " tag="362"><subfield code="a">Vol. 1, no. 1 (Nov. 2, 1871)- ; v. 1, no. 1 (Jan. 11, 1879)-</subfield></datafield><datafield ind1="1" ind2=" " tag="362"><subfield code="a">Ceased in 1880.</subfield></datafield><datafield ind1=" " ind2=" " tag="580"><subfield code="a">Merged with: Macoupin County herald, to form: Macoupin County enquirer.</subfield></datafield><datafield ind1=" " ind2=" " tag="588"><subfield code="a">Latest issue consulted: Dec. 31, 1879.</subfield></datafield><datafield ind1=" " ind2="0" tag="651"><subfield code="a">Macoupin County (Ill.)</subfield><subfield code="v">Newspapers.</subfield></datafield><datafield ind1=" " ind2="7" tag="651"><subfield code="a">Illinois</subfield><subfield code="z">Macoupin County</subfield><subfield code="2">fast</subfield><subfield code="0">(OCoLC)fst01214998</subfield></datafield><datafield ind1=" " ind2="7" tag="655"><subfield code="a">Newspapers.</subfield><subfield code="2">fast</subfield><subfield code="0">(OCoLC)fst01423814</subfield></datafield><datafield ind1=" " ind2=" " tag="752"><subfield code="a">United States</subfield><subfield code="b">Illinois</subfield><subfield code="c">Macoupin</subfield><subfield code="d">Carlinville.</subfield></datafield><datafield ind1="0" ind2="0" tag="780"><subfield code="t">Macoupin times</subfield><subfield code="w">(DLC)sn 90054336</subfield><subfield code="w">(OCoLC)23039889</subfield></datafield><datafield ind1="1" ind2="7" tag="785"><subfield code="t">Macoupin County herald</subfield><subfield code="w">(DLC)sn 90054765</subfield><subfield code="w">(OCoLC)23026459</subfield></datafield><datafield ind1="1" ind2="7" tag="785"><subfield code="t">Macoupin County enquirer</subfield><subfield code="w">(DLC)sn 87056868</subfield><subfield code="w">(OCoLC)17109005</subfield></datafield></record>